@misc{ ionicframework,
    author = "{Ionic Framework Development Team}",
    title = "Ionic Documentation API Index",
    year = "2020",
    url = "https://ionicframework.com/docs/api",
    note = "[Online; accessed since 04-May-2020]"
  }

